@book{adams1995hitchhiker,
  title={The Hitchhiker's Guide to the Galaxy},
  author={Adams, D.},
  isbn={9781417642595},
  url={http://books.google.com/books?id=W-xMPgAACAAJ},
  year={1995},
  publisher={San Val}
}
@phdthesis{guto_thesis,
  title={Application-Oriented Operating Systems},
  author="Augusto Ant\^{o}nio Medeiros {Fr\"{o}hlich}",
  year={2001},
  school={Technische Universit\"{a}t Berlin}
}
@manual{ug585,
  title={Zynq-7000 Technical Reference Manual},
  year={2013},
  month={September},
  edition={UG585 (v1.6.1)}
}
@inproceedings{hw_mediators,
  title={Hardware Mediators: A Portability Artifact for Component-Based Systems},
  author={Fauze Val\'{e}rio {Polpeta} and Ant\^{o}nio Augusto {Fr\"{o}hlich}},
  booktitle={Embedded and Ubiquitous Computing},
  year={2004}
}
@misc{epos_user_guide,
  title={EPOS User Guide, http://epos.lisha.ufsc.br/EPOS+User+Guide}
}
@misc{zedboard,
  title={Zedboard's site, http://www.zedboard.org}
}
@misc{xilinx,
  title={Xilinx.com, http://www.xilinx.com/products/silicon-devices/soc/zynq-7000/silicon-devices/index.htm}
}
@manual{armarm,
  title={ARM Architecture Reference Manual, ARM v7-A and ARM v7-R edition, Errata markup},
  year={2011},
  month={December},
  edition={ARM DDI 0406B\_errata\_2011\_Q3 (ID120611)}
}
@manual{data_sheet,
  title={Zynq-7000 Data Sheet},
  year={2014},
  month={January},
  edition={DS187 (v1.10)},
  howpublished={http://www.xilinx.com/support/documentation/data_sheets/ds187-XC7Z010-XC7Z020-Data-Sheet.pdf}
}

@manual{product_table,
  title={Zynq-7000 Combined Product Table},
  year={2013},
  howpublished={http://www.xilinx.com/publications/prod_mktg/zynq7000/Zynq-7000-combined-product-table.pdf}
}
